@book{book:2327066,
   title =     {Computational Physics},
   author =    {Mark Newman},
   publisher = {University of Michigan},
   isbn =      {},
   year =      {2013},
   series =    {University of Michigan},
   edition =   {First},
   volume =    {}
}

@misc{Neumann_2002, 
    title={Double pendulum}, 
    url={https://www.myphysicslab.com/pendulum/double-pendulum-en.html}, 
    journal={myPhysicsLab Double Pendulum}, 
    author={Neumann, Erik}, 
    year={2002}, 
    month={Feb}
}
